@inproceedings{boehm2005threads,
  title={Threads cannot be implemented as a library},
  author={Boehm, Hans-J},
  booktitle={ACM Sigplan Notices},
  volume={40},
  number={6},
  pages={261--268},
  year={2005},
  organization={ACM}
}
@misc{vyukov2013benign,
    Author = {Dmitry Vyukov},
    Publisher = {Intel},
    Title = {Benign data races: what could possibly go wrong?},
    Year = {2013},
    URL = {http://software.intel.com/en-us/blogs/2013/01/06/benign-data-races-what-could-possibly-go-wrong},
}

@inproceedings{batty2012clarifying,
  title={Clarifying and compiling {C/C++} concurrency: from {C++} 11 to {POWER}},
  author={Batty, Mark and Memarian, Kayvan and Owens, Scott and Sarkar, Susmit and Sewell, Peter},
  booktitle={ACM SIGPLAN Notices},
  volume={47},
  number={1},
  pages={509--520},
  year={2012},
  organization={ACM}
}
@incollection{vafeiadis2011verifying,
  title={Verifying fence elimination optimisations},
  author={Vafeiadis, Viktor and Nardelli, Francesco Zappa},
  booktitle={Static Analysis},
  pages={146--162},
  year={2011},
  publisher={Springer}
}
@article{lamport1979make,
  title={How to make a multiprocessor computer that correctly executes multiprocess programs},
  author={Lamport, Leslie},
  journal={Computers, IEEE Transactions on},
  volume={100},
  number={9},
  pages={690--691},
  year={1979},
  publisher={IEEE}
}
@inproceedings{boehm2012can,
  title={Can seqlocks get along with programming language memory models?},
  author={Boehm, Hans-J},
  booktitle={Proceedings of the 2012 ACM SIGPLAN Workshop on Memory Systems Performance and Correctness},
  pages={12--20},
  year={2012},
  organization={ACM}
}
@inproceedings{boehm2008foundations,
  title={Foundations of the {C++} concurrency memory model},
  author={Boehm, Hans-J and Adve, Sarita V},
  booktitle={ACM SIGPLAN Notices},
  volume={43},
  number={6},
  pages={68--78},
  year={2008},
  organization={ACM}
}
@article{marangettutorial,
  title={A Tutorial Introduction to the {ARM} and {POWER} Relaxed Memory Models},
  author={Maranget, Luc and Sarkar, Susmit and Sewell, Peter},
  year={2012}
}
@inproceedings{batty2011mathematizing,
  title={Mathematizing {C++} concurrency},
  author={Batty, Mark and Owens, Scott and Sarkar, Susmit and Sewell, Peter and Weber, Tjark},
  booktitle={ACM SIGPLAN Notices},
  volume={46},
  number={1},
  pages={55--66},
  year={2011},
  organization={ACM}
}
@article{deacon2013weak,
    title={From weak to weedy, Effective use of memory barriers in the {ARM} {Linux} Kernel},
    author={Will Deacon},
    year={2013},
}
